@article{schaefer01,
  author = {Schaefer, Marcus and {\v{S}}tefankovi{\v{c}}, Daniel},
  year = {2001},
  month = {07},
  pages = {241-246},
  title = {Decidability of String Graphs},
  journal = {Conference Proceedings of the Annual ACM Symposium on Theory of Computing},
  doi = {10.1145/380752.380807}
}
@article{kra91b,
  author={Jan Kratochv{\'i}l},
  title={String graphs. II. recognizing string graphs is NP-hard},
  journal={J. Comb. Theory, Ser. B},
  year={1991},
  volume={52},
  pages={67-78},
  doi={10.1016/0095-8956(91)90091-W}
}
@article{sinden66,
  author={Sinden, F. W.},
  title={Topology of thin film RC circuits}, 
  journal={The Bell System Technical Journal}, 
  year={1966},
  volume={45},
  number={9},
  pages={1639-1662},
  doi={10.1002/j.1538-7305.1966.tb01713.x}
}
@article{kra91a,
  author = {Jan Kratochv{\'i}l and Ji{\v{r}}Ã­ Matou{\v{s}}ek},
  title = {String graphs requiring exponential representations},
  journal = {Journal of Combinatorial Theory, Series B},
  year = {1991},
  volume = {53},
  number = {1},
  pages = {1-4},
  doi = {10.1016/0095-8956(91)90050-T}
}
